
@book{eliasmith2003,
  address = {Cambridge, MA},
  title = {Neural Engineering: Computation, Representation, and Dynamics in Neurobiological Systems},
  isbn = {978-0-262-55060-4},
  shorttitle = {Neural {{Engineering}}},
  abstract = {A synthesis of current approaches to adapting engineering tools to the study of neurobiological systems.},
  timestamp = {2017-01-27T23:37:38Z},
  publisher = {{MIT Press}},
  author = {Eliasmith, Chris and Anderson, Charles H.},
  year = {2003},
  keywords = {verified},
  file = {Neural Engineering - Eliasmith, Aug 1 2004.pdf:/Volumes/Home/blubb/Library/Application Support/Zotero/Profiles/b4t24zu4.default/zotero/storage/FCD2HVIA/Neural Engineering - Eliasmith, Aug 1 2004.pdf:application/pdf}
}


